@article{khodak2017large,
  title={A Large Self-Annotated Corpus for Sarcasm},
  author={Khodak, Mikhail and Saunshi, Nikunj and Vodrahalli, Kiran},
  journal={arXiv preprint arXiv:1704.05579},
  year={2017}
}

@inproceedings{wallace2014humans,
  title={Humans require context to infer ironic intent (so computers probably do, too)},
  author={Wallace, Byron C and Kertz, Laura and Charniak, Eugene and others},
  booktitle={Proceedings of the 52nd Annual Meeting of the Association for Computational Linguistics (Volume 2: Short Papers)},
  volume={2},
  pages={512--516},
  year={2014}
}

@article{derks2008emoticons,
  title={Emoticons and online message interpretation},
  author={Derks, Daantje and Bos, Arjan ER and Von Grumbkow, Jasper},
  journal={Social Science Computer Review},
  volume={26},
  number={3},
  pages={379--388},
  year={2008},
  publisher={Sage Publications Sage CA: Los Angeles, CA}
}

@article{joshi2016automatic,
  title={Automatic sarcasm detection: A survey},
  author={Joshi, Aditya and Bhattacharyya, Pushpak and Carman, Mark James},
  journal={arXiv preprint arXiv:1602.03426},
  year={2016}
}

@inproceedings{tsur2010icwsm,
  title={ICWSM-A Great Catchy Name: Semi-Supervised Recognition of Sarcastic Sentences in Online Product Reviews.},
  author={Tsur, Oren and Davidov, Dmitry and Rappoport, Ari},
  booktitle={ICWSM},
  pages={162--169},
  year={2010}
}

@inproceedings{riloff2013sarcasm,
  title={Sarcasm as Contrast between a Positive Sentiment and Negative Situation.},
  author={Riloff, Ellen and Qadir, Ashequl and Surve, Prafulla and De Silva, Lalindra and Gilbert, Nathan and Huang, Ruihong},
  booktitle={EMNLP},
  volume={13},
  pages={704--714},
  year={2013}
}

@article{liebrecht2013perfect,
  title={The perfect solution for detecting sarcasm in tweets\# not},
  author={Liebrecht, CC and Kunneman, FA and van Den Bosch, APJ},
  year={2013},
  publisher={New Brunswick, NJ: ACL}
}

@inproceedings{gonzalez2011identifying,
  title={Identifying sarcasm in Twitter: a closer look},
  author={Gonz{\'a}lez-Ib{\'a}nez, Roberto and Muresan, Smaranda and Wacholder, Nina},
  booktitle={Proceedings of the 49th Annual Meeting of the Association for Computational Linguistics: Human Language Technologies: Short Papers-Volume 2},
  pages={581--586},
  year={2011},
  organization={Association for Computational Linguistics}
}

@inproceedings{rajadesingan2015sarcasm,
  title={Sarcasm detection on twitter: A behavioral modeling approach},
  author={Rajadesingan, Ashwin and Zafarani, Reza and Liu, Huan},
  booktitle={Proceedings of the Eighth ACM International Conference on Web Search and Data Mining},
  pages={97--106},
  year={2015},
  organization={ACM}
}

@inproceedings{bamman2015contextualized,
  title={Contextualized Sarcasm Detection on Twitter.},
  author={Bamman, David and Smith, Noah A},
  booktitle={ICWSM},
  pages={574--577},
  year={2015}
}

@inproceedings{NielsenF2011New,
  author =       {Finn {\AA}rup Nielsen}, 
  title =        {A new {ANEW}: evaluation of a word list for
                  sentiment analysis in microblogs}, 
  booktitle =    {Proceedings of the ESWC2011 Workshop on 'Making
                  Sense of Microposts': Big things come in small
                  packages}, 
  pages =        {93--98},
  year =         {2011},
  editor =       {Matthew Rowe and Milan Stankovic and Aba-Sah Dadzie
                  and Mariann Hardey},  
  volume =       {718},
  number =       {},
  series =       {CEUR Workshop Proceedings},
  address =      {},
  organization = {},
  publisher =    {},
  month =        {May},
  DOI =          {},
  URL = {http://ceur-ws.org/Vol-718/paper_16.pdf},
  OPTnote =      {},
  OPTannote =    {}
}

@article{Mohammad13,
	Author = {Mohammad, Saif M. and Turney, Peter D.},
	Booktitle = {Computational Intelligence},
	Number = {3},
	Pages = {436--465},
	Title = {Crowdsourcing a Word-Emotion Association Lexicon},
	Volume = {29},
	Year = {2013}
}

@article{kim2006some,
  title={Some effective techniques for naive bayes text classification},
  author={Kim, Sang-Bum and Han, Kyoung-Soo and Rim, Hae-Chang and Myaeng, Sung Hyon},
  journal={IEEE transactions on knowledge and data engineering},
  volume={18},
  number={11},
  pages={1457--1466},
  year={2006},
  publisher={IEEE}
}

@article{friedman2001greedy,
  title={Greedy function approximation: a gradient boosting machine},
  author={Friedman, Jerome H},
  journal={Annals of statistics},
  pages={1189--1232},
  year={2001},
  publisher={JSTOR}
}

@inproceedings{chen2016xgboost,
  title={Xgboost: A scalable tree boosting system},
  author={Chen, Tianqi and Guestrin, Carlos},
  booktitle={Proceedings of the 22nd acm sigkdd international conference on knowledge discovery and data mining},
  pages={785--794},
  year={2016},
  organization={ACM}
}

@article{abadi2016tensorflow,
  title={Tensorflow: Large-scale machine learning on heterogeneous distributed systems},
  author={Abadi, Mart{\'\i}n and Agarwal, Ashish and Barham, Paul and Brevdo, Eugene and Chen, Zhifeng and Citro, Craig and Corrado, Greg S and Davis, Andy and Dean, Jeffrey and Devin, Matthieu and others},
  journal={arXiv preprint arXiv:1603.04467},
  year={2016}
}

@inproceedings{nair2010rectified,
  title={Rectified linear units improve restricted boltzmann machines},
  author={Nair, Vinod and Hinton, Geoffrey E},
  booktitle={Proceedings of the 27th international conference on machine learning (ICML-10)},
  pages={807--814},
  year={2010}
}

@inproceedings{pascanu2013difficulty,
  title={On the difficulty of training recurrent neural networks},
  author={Pascanu, Razvan and Mikolov, Tomas and Bengio, Yoshua},
  booktitle={International Conference on Machine Learning},
  pages={1310--1318},
  year={2013}
}

@article{kingma2014adam,
  title={Adam: A method for stochastic optimization},
  author={Kingma, Diederik and Ba, Jimmy},
  journal={arXiv preprint arXiv:1412.6980},
  year={2014}
}

@article{hinton2012improving,
  title={Improving neural networks by preventing co-adaptation of feature detectors},
  author={Hinton, Geoffrey E and Srivastava, Nitish and Krizhevsky, Alex and Sutskever, Ilya and Salakhutdinov, Ruslan R},
  journal={arXiv preprint arXiv:1207.0580},
  year={2012}
}

@article{hiray2017agree,
  title={Agree to Disagree: Improving Disagreement Detection with Dual GRUs},
  author={Hiray, Sushant and Duppada, Venkatesh},
  journal={arXiv preprint arXiv:1708.05582},
  year={2017}
}

@book{BirdKleinLoper09,
  author = {Steven Bird and Ewan Klein and Edward Loper},
  title = {{Natural Language Processing with Python}},
  publisher = {O'Reilly Media},
  year = 2009
}

@inproceedings{rehurek_lrec,
      title = {{Software Framework for Topic Modelling with Large Corpora}},
      author = {Radim {\v R}eh{\r u}{\v r}ek and Petr Sojka},
      booktitle = {{Proceedings of the LREC 2010 Workshop on New
           Challenges for NLP Frameworks}},
      pages = {45--50},
      year = 2010,
      month = May,
      day = 22,
      publisher = {ELRA},
      address = {Valletta, Malta},
      note={\url{http://is.muni.cz/publication/884893/en}},
      language={English}
}

@article{scikit-learn,
 title={Scikit-learn: Machine Learning in {P}ython},
 author={Pedregosa, F. and Varoquaux, G. and Gramfort, A. and Michel, V.
         and Thirion, B. and Grisel, O. and Blondel, M. and Prettenhofer, P.
         and Weiss, R. and Dubourg, V. and Vanderplas, J. and Passos, A. and
         Cournapeau, D. and Brucher, M. and Perrot, M. and Duchesnay, E.},
 journal={Journal of Machine Learning Research},
 volume={12},
 pages={2825--2830},
 year={2011}
}

@inproceedings{le2014distributed,
  title={Distributed representations of sentences and documents},
  author={Le, Quoc and Mikolov, Tomas},
  booktitle={Proceedings of the 31st International Conference on Machine Learning (ICML-14)},
  pages={1188--1196},
  year={2014}
}